<record><leader>00000cas a22000007a 4500</leader><controlfield tag="001">13755092</controlfield><controlfield tag="008">860620d19571958nvuwr ne      0    0eng d</controlfield><datafield ind1=" " ind2=" " tag="010"><subfield code="a">sn 86076195 </subfield></datafield><datafield ind1=" " ind2=" " tag="040"><subfield code="a">NNX</subfield><subfield code="b">eng</subfield><subfield code="c">NNX</subfield><subfield code="d">OCLCQ</subfield></datafield><datafield ind1=" " ind2=" " tag="042"><subfield code="a">msc</subfield></datafield><datafield ind1="0" ind2="4" tag="245"><subfield code="a">The Tri-town times.</subfield></datafield><datafield ind1=" " ind2=" " tag="260"><subfield code="a">Fernley, Nev. :</subfield><subfield code="b">W.J. Cary, Jr.,</subfield><subfield code="c">-1958.</subfield></datafield><datafield ind1=" " ind2=" " tag="300"><subfield code="a">v. :</subfield><subfield code="b">ill.</subfield></datafield><datafield ind1=" " ind2=" " tag="310"><subfield code="a">Weekly</subfield></datafield><datafield ind1="0" ind2=" " tag="362"><subfield code="a">-v. 2, no. 36 (Nov. 12, 1958).</subfield></datafield><datafield ind1=" " ind2=" " tag="500"><subfield code="a">"Serving Fernley-Wadsworth-Silver Springs."</subfield></datafield><datafield ind1=" " ind2=" " tag="530"><subfield code="a">Microfilm available from Microphoto Division of Bell &amp; Howell.</subfield></datafield><datafield ind1=" " ind2=" " tag="588"><subfield code="a">Description based on: Vol. 1, no. 4 (Apr. 4, 1957).</subfield></datafield><datafield ind1=" " ind2=" " tag="752"><subfield code="a">United States</subfield><subfield code="b">Nevada</subfield><subfield code="c">Lyon</subfield><subfield code="d">Fernley.</subfield></datafield><datafield ind1=" " ind2=" " tag="752"><subfield code="a">United States</subfield><subfield code="b">Nevada</subfield><subfield code="c">Washoe</subfield><subfield code="d">Wadsworth.</subfield></datafield><datafield ind1=" " ind2=" " tag="752"><subfield code="a">United States</subfield><subfield code="b">Nevada</subfield><subfield code="c">Lyon</subfield><subfield code="d">Silver Springs.</subfield></datafield><datafield ind1="0" ind2="4" tag="785"><subfield code="t">Mason Valley news</subfield><subfield code="w">(DLC)sn 86076207</subfield></datafield><datafield ind1="1" ind2=" " tag="029"><subfield code="a">AU@</subfield><subfield code="b">000023535690</subfield></datafield></record>